@Book{brignoni,
	author =	{BRIGNONI, G,V.},
	title =		{Estudo de protocolos de roteamento em redes ad hoc.},
	publisher =	{Universidade Federal de Santa Catarina, Florian\'opolis},
	year =		{2005},
	note = 	{Trabalho de conclus\~ao de curso}
}

@Misc{choi,
	author =	{CHOI, J.; KO, Y},
	title =		{A performance evaluation for ad hoc routing protocols in realistic military scenarios},
	note =		{Dispon\'ivel em : <http://uns.ajou.ac.kr/publications/paper/C2004/cic2004.pdf>. Acesso em 20 mar, 2012}
}

@MastersThesis{gorantala,
	author = 	{GORANTALA, K.},
	title = 	{Routing Protocols in Mobile Ad-hoc Networks},
	school = 	{Universidade de UMEA},
	year = 		{2006},
	address = 	{UMEA, Su\'ecia.},
	note = 		{Disserta\c{c}\~ao (Mestrado em Ci\^encia da Computa\c{c}\~ao)}
}


@MastersThesis{pereira,
	author = 	{PEREIRA, I.},
	title = 	{An\'alise do roteamento em redes m\'oveis ad hoc em cen\'arios de opera\c{c}\~oes militares.},
	school = 	{Universidade Federal do Rio de Janeiro},
	year = 		{2004},
	address = 	{Rio de Janeiro},
	note = 		{Tese Mestrado em Ci\^encias}
}

@Misc{pepe,
	author =	{PEREIRA, I.; PEDROSA, A.},
	title =		{Redes M\'oveis Ad Hoc Aplicadas a Cen\'arios Militares.},
	note =		{Dispon\'ivel em: <www.gta.ufrj.br/ftp/gta/TechReports/PP04c.pdf.gz>. Acesso em 20 mar, 2012}
}

@Article{salles,
	author =	{SALLES, R,M; },
	title = 	{Novas perspectivas tecnol\'ogicas para o emprego das comunica\c{c}\~oes no Ex\'ercito Brasileiro.},
	journal = 	{Revista Militar de Ci\^encia e Tecnologia},
	year = 		{2008},
	pages = 	{68-80},
	month = 	{2 quadrimestre}
}

@Misc{schimidt,
	author = 	{SCHMIDT, R.; TRENTIN, M.},
	title = 	{Desempenho de Protocolos de Roteamento para MANETs em um Cen\'ario de Opera\c{c}\~ao Militar.},
	year = 		{2005},
	howpublished = {Ci\^encia da Computa\c{c}\~ao, Passo Fundo.},
	note = {Dispon\'ivel em: http://revistaseletronicas.pucrs.br/ojs/index.php/hifen/article/viewFile/3848/2922. Acesso em 20 mar, 2012.}
}
